@misc{3vs,
  title = {3D Data Management: Controlling Data Volume, Velocity and Variety},
  author = {Doug Laney},
  howpublished = {\url{http://blogs.gartner.com/doug-laney/files/2012/01/ad949-3D-Data-Management-Controlling-Data-Volume-Velocity-and-Variety.pdf}},
  note = {Accessed: 2015-09-30}
}

@misc{7vs,
  title = {Why The 3V's Are Not Sufficient To Describe Big Data},
  author = {Mark van Rijmenam},
  howpublished = {\url{https://datafloq.com/read/3vs-sufficient-describe-big-data/166}},
  note = {Accessed: 2015-09-30}
}

@book{Stroustrup:1995:DEC:193198,
 author = {Stroustrup, Bjarne},
 title = {The Design and Evolution of C++},
 year = {1994},
 isbn = {0-201-54330-3},
 publisher = {ACM Press/Addison-Wesley Publishing Co.},
 address = {New York, NY, USA},
} 

@misc{protobuf,
  title = {Protocol Buffers Project Page},
  author = {Google Developers},
  howpublished = {\url{https://developers.google.com/protocol-buffers/}},
  note = {Accessed: 2015-09-22}
}


@misc{3buf,
  title = {Triple Buffering: Why We Love It},
  author = {Derek Wilson},
  howpublished = {\url{http://www.anandtech.com/show/2794}},
  note = {Accessed: 2015-09-25}
}

@misc{bloat,
  title = {Law of Software Envelopment},
  author = {Jamie Zawinski},
  howpublished = {\url{https://www.jwz.org/hacks/}},
  note = {Accessed: 2015-09-26}
}

@misc{bigdatainvest,
  title = {56% Of Enterprises Will Increase Their Investment In Big Data Over The Next Three Years},
  author = {Louis Columbus},
  howpublished = {\url{http://www.forbes.com/sites/louiscolumbus/2015/03/22/56-of-enterprises-will-increase-their-investment-in-big-data-over-the-next-three-years/}},
  note = {Accessed: 2015-10-17}
}

@misc{datagrowth,
  author = {CSC},
  title = {BIG DATA UNIVERSE BEGINNING TO EXPLODE},
  howpublished = {\url{http://www.csc.com/insights/flxwd/78931-big_data_universe_beginning_to_explode}},
  note = {Accessed: 2015-10-17}
}

@misc{opensourcegrowth,
  author = {Wired Magazine},
  title = {Github's Top Coding Languages Show Open Source Has Won},
  howpublished = {\url{http://www.wired.com/2015/08/github-data-shows-changing-software-landscape/}},
  note = {Accessed: 2015-10-17}
}


@incollection{Dijkstra:2002:HOS:762971.762977,
 author = {Dijkstra, Edsger W.},
 chapter = {Hierarchical Ordering of Sequential Processes},
 title = {The Origin of Concurrent Programming},
 editor = {Hansen, Per Brinch},
 year = {2002},
 isbn = {0-387-95401-5},
 pages = {198--227},
 numpages = {30},
 url = {http://dl.acm.org/citation.cfm?id=762971.762977},
 acmid = {762977},
 publisher = {Springer-Verlag New York, Inc.},
 address = {New York, NY, USA},
} 

@article{Dean:2008:MSD:1327452.1327492,
 author = {Dean, Jeffrey and Ghemawat, Sanjay},
 title = {MapReduce: Simplified Data Processing on Large Clusters},
 journal = {Commun. ACM},
 issue_date = {January 2008},
 volume = {51},
 number = {1},
 month = jan,
 year = {2008},
 issn = {0001-0782},
 pages = {107--113},
 numpages = {7},
 url = {http://doi.acm.org/10.1145/1327452.1327492},
 doi = {10.1145/1327452.1327492},
 acmid = {1327492},
 publisher = {ACM},
 address = {New York, NY, USA},
} 

@book{opac-b1093825,
   title = "Concurrent systems : operating systems, database and distributed systems : an integrated approach",
   author = "Bacon, Jean",
   series = "International computer science series",
   publisher = "Addison-Wesley",
   address = "Harlow (England), Reading (Mass.)",
   url = "http://opac.inria.fr/record=b1093825",
   isbn = "0-201-17767-6",
   year = 1998
}